<record><leader>00000cas a22000007a 4500</leader><controlfield tag="001">18450903</controlfield><controlfield tag="008">880907d19031905nyuwr ne      0    0eng d</controlfield><datafield ind1=" " ind2=" " tag="010"><subfield code="a">sn 88074748 </subfield></datafield><datafield ind1=" " ind2=" " tag="040"><subfield code="a">NYS</subfield><subfield code="b">eng</subfield><subfield code="c">NYS</subfield><subfield code="d">OCLCQ</subfield></datafield><datafield ind1=" " ind2=" " tag="042"><subfield code="a">msc</subfield></datafield><datafield ind1="0" ind2="0" tag="245"><subfield code="a">Avon herald and courier.</subfield></datafield><datafield ind1=" " ind2=" " tag="260"><subfield code="a">Avon, N.Y. :</subfield><subfield code="b">Florence Van Allen</subfield></datafield><datafield ind1=" " ind2=" " tag="300"><subfield code="a">v.</subfield></datafield><datafield ind1=" " ind2=" " tag="310"><subfield code="a">Weekly</subfield></datafield><datafield ind1="1" ind2=" " tag="362"><subfield code="a">Began with Oct. 21, 1903 issue? Ceased in 1905.</subfield></datafield><datafield ind1=" " ind2=" " tag="588"><subfield code="a">Description based on: Vol. 29, no. 16 (Sept. 1, 1904).</subfield></datafield><datafield ind1=" " ind2="4" tag="651"><subfield code="a">Avon (N.Y.)</subfield><subfield code="v">Newspapers.</subfield></datafield><datafield ind1=" " ind2=" " tag="752"><subfield code="a">United States</subfield><subfield code="b">New York</subfield><subfield code="c">Livingston</subfield><subfield code="d">Avon.</subfield></datafield><datafield ind1="0" ind2="4" tag="780"><subfield code="t">Avon herald (Avon, N.Y. : 1894)</subfield><subfield code="w">(DLC)sn 88074559</subfield></datafield><datafield ind1="0" ind2="4" tag="780"><subfield code="t">Genesee Valley courier</subfield><subfield code="w">(DLC)sn 89071298</subfield><subfield code="w">(OCoLC)19892657</subfield></datafield><datafield ind1="0" ind2="0" tag="785"><subfield code="t">Avon herald (Avon, N.Y. : 1905)</subfield><subfield code="w">(DLC)sn 89071247</subfield><subfield code="w">(OCoLC)19533598</subfield></datafield></record>